@misc{NCh1998,
  title        = {Hormigón -- Evaluación estadística de la resistencia mecánica},
  institution  = {Instituto Nacional de Normalización (INN)},
  type         = {Norma Chilena Oficial},
  number       = {NCh1998.Of89},
  year         = {1989},
  address      = {Santiago, Chile},
  note         = {Preparada por la División de Normas del Instituto Nacional de Normalización, con participación de la Asociación Chilena de Elaboradores de Hormigón Premezclado (ACHEP), Cementos Bío-Bío S.A., Cemento Melón S.A., entre otros.}
}
